@book{DBLP:books/daglib/0087929,
  author    = {Tom M. Mitchell},
  title     = {Machine learning},
  series    = {McGraw Hill series in computer science},
  publisher = {McGraw-Hill},
  year      = {1997},
  url       = {http://www.worldcat.org/oclc/61321007},
  isbn      = {978-0-07-042807-2},
  timestamp = {Wed, 26 Apr 2017 17:48:08 +0200},
  biburl    = {https://dblp.org/rec/bib/books/daglib/0087929},
  bibsource = {dblp computer science bibliography, https://dblp.org}
}


@proceedings{DBLP:conf/iclr/2013w,
  editor    = {Yoshua Bengio and
               Yann LeCun},
  title     = {1st International Conference on Learning Representations, {ICLR} 2013,
               Scottsdale, Arizona, USA, May 2-4, 2013, Workshop Track Proceedings},
  year      = {2013},
  url       = {https://openreview.net/group?id=ICLR.cc/2013},
  timestamp = {Thu, 04 Apr 2019 13:20:08 +0200},
  biburl    = {https://dblp.org/rec/bib/conf/iclr/2013w},
  bibsource = {dblp computer science bibliography, https://dblp.org}
}


@inproceedings{DBLP:conf/nips/ZhangZL15,
  author    = {Xiang Zhang and
               Junbo Jake Zhao and
               Yann LeCun},
  title     = {Character-level Convolutional Networks for Text Classification},
  booktitle = {Advances in Neural Information Processing Systems 28: Annual Conference
               on Neural Information Processing Systems 2015, December 7-12, 2015,
               Montreal, Quebec, Canada},
  pages     = {649--657},
  year      = {2015},
  crossref  = {DBLP:conf/nips/2015},
  url       = {http://papers.nips.cc/paper/5782-character-level-convolutional-networks-for-text-classification},
  timestamp = {Fri, 16 Dec 2016 19:42:05 +0100},
  biburl    = {https://dblp.org/rec/bib/conf/nips/ZhangZL15},
  bibsource = {dblp computer science bibliography, https://dblp.org}
}
@proceedings{DBLP:conf/nips/2015,
  editor    = {Corinna Cortes and
               Neil D. Lawrence and
               Daniel D. Lee and
               Masashi Sugiyama and
               Roman Garnett},
  title     = {Advances in Neural Information Processing Systems 28: Annual Conference
               on Neural Information Processing Systems 2015, December 7-12, 2015,
               Montreal, Quebec, Canada},
  year      = {2015},
  url       = {http://papers.nips.cc/book/advances-in-neural-information-processing-systems-28-2015},
  timestamp = {Fri, 08 Apr 2016 19:32:52 +0200},
  biburl    = {https://dblp.org/rec/bib/conf/nips/2015},
  bibsource = {dblp computer science bibliography, https://dblp.org}
}


@inproceedings{DBLP:conf/icml/LeM14,
  author    = {Quoc V. Le and
               Tomas Mikolov},
  title     = {Distributed Representations of Sentences and Documents},
  booktitle = {Proceedings of the 31th International Conference on Machine Learning,
               {ICML} 2014, Beijing, China, 21-26 June 2014},
  pages     = {1188--1196},
  year      = {2014},
  crossref  = {DBLP:conf/icml/2014},
  url       = {http://proceedings.mlr.press/v32/le14.html},
  timestamp = {Wed, 29 May 2019 08:41:46 +0200},
  biburl    = {https://dblp.org/rec/bib/conf/icml/LeM14},
  bibsource = {dblp computer science bibliography, https://dblp.org}
}
@proceedings{DBLP:conf/icml/2014,
  title     = {Proceedings of the 31th International Conference on Machine Learning,
               {ICML} 2014, Beijing, China, 21-26 June 2014},
  series    = {{JMLR} Workshop and Conference Proceedings},
  volume    = {32},
  publisher = {JMLR.org},
  year      = {2014},
  url       = {http://proceedings.mlr.press/v32/},
  timestamp = {Wed, 29 May 2019 08:41:45 +0200},
  biburl    = {https://dblp.org/rec/bib/conf/icml/2014},
  bibsource = {dblp computer science bibliography, https://dblp.org}
}

@inproceedings{DBLP:conf/cvpr/CiresanMS12,
  author    = {Dan C. Ciresan and
               Ueli Meier and
               J{\"{u}}rgen Schmidhuber},
  title     = {Multi-column deep neural networks for image classification},
  booktitle = {2012 {IEEE} Conference on Computer Vision and Pattern Recognition,
               Providence, RI, USA, June 16-21, 2012},
  pages     = {3642--3649},
  year      = {2012},
  crossref  = {DBLP:conf/cvpr/2012},
  url       = {https://doi.org/10.1109/CVPR.2012.6248110},
  doi       = {10.1109/CVPR.2012.6248110},
  timestamp = {Wed, 14 Nov 2018 10:57:51 +0100},
  biburl    = {https://dblp.org/rec/bib/conf/cvpr/CiresanMS12},
  bibsource = {dblp computer science bibliography, https://dblp.org}
}
@proceedings{DBLP:conf/cvpr/2012,
  title     = {2012 {IEEE} Conference on Computer Vision and Pattern Recognition,
               Providence, RI, USA, June 16-21, 2012},
  publisher = {{IEEE} Computer Society},
  year      = {2012},
  url       = {http://ieeexplore.ieee.org/xpl/mostRecentIssue.jsp?punumber=6235193},
  isbn      = {978-1-4673-1226-4},
  timestamp = {Tue, 25 Nov 2014 17:05:17 +0100},
  biburl    = {https://dblp.org/rec/bib/conf/cvpr/2012},
  bibsource = {dblp computer science bibliography, https://dblp.org}
}
a service of Schloss Dagstuhl - Leibniz Center for Informatics	homebrowsesearchabout


@inproceedings{DBLP:conf/emnlp/PenningtonSM14,
  author    = {Jeffrey Pennington and
               Richard Socher and
               Christopher D. Manning},
  title     = {Glove: Global Vectors for Word Representation},
  booktitle = {Proceedings of the 2014 Conference on Empirical Methods in Natural
               Language Processing, {EMNLP} 2014, October 25-29, 2014, Doha, Qatar,
               {A} meeting of SIGDAT, a Special Interest Group of the {ACL}},
  pages     = {1532--1543},
  year      = {2014},
  crossref  = {DBLP:conf/emnlp/2014},
  url       = {http://aclweb.org/anthology/D/D14/D14-1162.pdf},
  timestamp = {Sat, 15 Nov 2014 14:45:18 +0100},
  biburl    = {https://dblp.org/rec/bib/conf/emnlp/PenningtonSM14},
  bibsource = {dblp computer science bibliography, https://dblp.org}
}
@proceedings{DBLP:conf/emnlp/2014,
  editor    = {Alessandro Moschitti and
               Bo Pang and
               Walter Daelemans},
  title     = {Proceedings of the 2014 Conference on Empirical Methods in Natural
               Language Processing, {EMNLP} 2014, October 25-29, 2014, Doha, Qatar,
               {A} meeting of SIGDAT, a Special Interest Group of the {ACL}},
  publisher = {{ACL}},
  year      = {2014},
  isbn      = {978-1-937284-96-1},
  timestamp = {Sat, 15 Nov 2014 14:12:40 +0100},
  biburl    = {https://dblp.org/rec/bib/conf/emnlp/2014},
  bibsource = {dblp computer science bibliography, https://dblp.org}
}

@book{gulli2017deep,
  title={Deep Learning with Keras},
  author={Gulli, A. and Pal, S.},
  isbn={9781787129030},
  url={https://books.google.it/books?id=20EwDwAAQBAJ},
  year={2017},
  publisher={Packt Publishing}
}

%%%%%%%%%% MIEI


% ATTENTION
@inproceedings{DBLP:conf/nips/VaswaniSPUJGKP17,
  author    = {Ashish Vaswani and
               Noam Shazeer and
               Niki Parmar and
               Jakob Uszkoreit and
               Llion Jones and
               Aidan N. Gomez and
               Lukasz Kaiser and
               Illia Polosukhin},
  editor    = {Isabelle Guyon and
               Ulrike von Luxburg and
               Samy Bengio and
               Hanna M. Wallach and
               Rob Fergus and
               S. V. N. Vishwanathan and
               Roman Garnett},
  title     = {Attention is All you Need},
  booktitle = {Advances in Neural Information Processing Systems 30: Annual Conference
               on Neural Information Processing Systems 2017, December 4-9, 2017,
               Long Beach, CA, {USA}},
  pages     = {5998--6008},
  year      = {2017},
  url       = {https://proceedings.neurips.cc/paper/2017/hash/3f5ee243547dee91fbd053c1c4a845aa-Abstract.html},
  timestamp = {Thu, 21 Jan 2021 15:15:21 +0100},
  biburl    = {https://dblp.org/rec/conf/nips/VaswaniSPUJGKP17.bib},
  bibsource = {dblp computer science bibliography, https://dblp.org}
}



@inproceedings{DBLP:conf/emnlp/TangMRS18,
  author    = {Gongbo Tang and
               Mathias M{\"{u}}ller and
               Annette Rios and
               Rico Sennrich},
  editor    = {Ellen Riloff and
               David Chiang and
               Julia Hockenmaier and
               Jun'ichi Tsujii},
  title     = {Why Self-Attention? {A} Targeted Evaluation of Neural Machine Translation
               Architectures},
  booktitle = {Proceedings of the 2018 Conference on Empirical Methods in Natural
               Language Processing, Brussels, Belgium, October 31 - November 4, 2018},
  pages     = {4263--4272},
  publisher = {Association for Computational Linguistics},
  year      = {2018},
  url       = {https://doi.org/10.18653/v1/d18-1458},
  doi       = {10.18653/v1/d18-1458},
  timestamp = {Tue, 28 Jan 2020 10:28:20 +0100},
  biburl    = {https://dblp.org/rec/conf/emnlp/TangMRS18.bib},
  bibsource = {dblp computer science bibliography, https://dblp.org}
}



% BERT
@article{DBLP:journals/corr/abs-1810-04805,
  author    = {Jacob Devlin and
               Ming{-}Wei Chang and
               Kenton Lee and
               Kristina Toutanova},
  title     = {{BERT:} Pre-training of Deep Bidirectional Transformers for Language
               Understanding},
  journal   = {CoRR},
  volume    = {abs/1810.04805},
  year      = {2018},
  url       = {http://arxiv.org/abs/1810.04805},
  archivePrefix = {arXiv},
  eprint    = {1810.04805},
  timestamp = {Tue, 30 Oct 2018 20:39:56 +0100},
  biburl    = {https://dblp.org/rec/journals/corr/abs-1810-04805.bib},
  bibsource = {dblp computer science bibliography, https://dblp.org}
}


% TIME2VECTOR
@article{DBLP:journals/corr/abs-1907-05321,
  author    = {Seyed Mehran Kazemi and
               Rishab Goel and
               Sepehr Eghbali and
               Janahan Ramanan and
               Jaspreet Sahota and
               Sanjay Thakur and
               Stella Wu and
               Cathal Smyth and
               Pascal Poupart and
               Marcus Brubaker},
  title     = {Time2Vec: Learning a Vector Representation of Time},
  journal   = {CoRR},
  volume    = {abs/1907.05321},
  year      = {2019},
  url       = {http://arxiv.org/abs/1907.05321},
  archivePrefix = {arXiv},
  eprint    = {1907.05321},
  timestamp = {Wed, 17 Jul 2019 10:27:36 +0200},
  biburl    = {https://dblp.org/rec/journals/corr/abs-1907-05321.bib},
  bibsource = {dblp computer science bibliography, https://dblp.org}
}


% BACKPROPAGATION
@article{DBLP:journals/nn/Hecht-Nielsen88a,
  author    = {Robert Hecht{-}Nielsen},
  title     = {Theory of the backpropagation neural network},
  journal   = {Neural Networks},
  volume    = {1},
  number    = {Supplement-1},
  pages     = {445--448},
  year      = {1988},
  url       = {https://doi.org/10.1016/0893-6080(88)90469-8},
  doi       = {10.1016/0893-6080(88)90469-8},
  timestamp = {Sun, 28 May 2017 13:18:19 +0200},
  biburl    = {https://dblp.org/rec/journals/nn/Hecht-Nielsen88a.bib},
  bibsource = {dblp computer science bibliography, https://dblp.org}
}


% GRADIENT DESCENT
@inproceedings{DBLP:conf/icnn/Lewis88,
  author    = {J. P. Lewis},
  title     = {Creation by refinement: a creativity paradigm for gradient descent
               learning networks},
  booktitle = {Proceedings of International Conference on Neural Networks (ICNN'88),
               San Diego, CA, USA, July 24-27, 1988},
  pages     = {229--233},
  publisher = {{IEEE}},
  year      = {1988},
  url       = {https://doi.org/10.1109/ICNN.1988.23933},
  doi       = {10.1109/ICNN.1988.23933},
  timestamp = {Fri, 30 Oct 2020 16:28:15 +0100},
  biburl    = {https://dblp.org/rec/conf/icnn/Lewis88.bib},
  bibsource = {dblp computer science bibliography, https://dblp.org}
}

% WEB SCRAPING


@inproceedings{DBLP:conf/ic3k/DomeniconiMPP17a,
  author    = {Giacomo Domeniconi and
               Gianluca Moro and
               Andrea Pagliarani and
               Roberto Pasolini},
  editor    = {Ana L. N. Fred and
               Joaquim Filipe},
  title     = {Learning to Predict the Stock Market Dow Jones Index Detecting and
               Mining Relevant Tweets},
  booktitle = {Proceedings of the 9th International Joint Conference on Knowledge
               Discovery, Knowledge Engineering and Knowledge Management - (Volume
               1), Funchal, Madeira, Portugal, November 1-3, 2017},
  pages     = {165--172},
  publisher = {SciTePress},
  year      = {2017},
  url       = {https://doi.org/10.5220/0006488201650172},
  doi       = {10.5220/0006488201650172},
  timestamp = {Tue, 23 Jan 2018 15:11:08 +0100},
  biburl    = {https://dblp.org/rec/conf/ic3k/DomeniconiMPP17a.bib},
  bibsource = {dblp computer science bibliography, https://dblp.org}
}



@inproceedings{DBLP:conf/ic3k/MoroPDPR17,
  author    = {Gianluca Moro and
               Roberto Pasolini and
               Giacomo Domeniconi and
               Andrea Pagliarani and
               Andrea Roli},
  editor    = {Ana L. N. Fred and
               David Aveiro and
               Jan L. G. Dietz and
               Kecheng Liu and
               Jorge Bernardino and
               Ana Salgado and
               Joaquim Filipe},
  title     = {Prediction and Trading of Dow Jones from Twitter: {A} Boosting Text
               Mining Method with Relevant Tweets Identification},
  booktitle = {Knowledge Discovery, Knowledge Engineering and Knowledge Management
               - 9th International Joint Conference, {IC3K} 2017, Funchal, Madeira,
               Portugal, November 1-3, 2017, Revised Selected Papers},
  series    = {Communications in Computer and Information Science},
  volume    = {976},
  pages     = {26--42},
  publisher = {Springer},
  year      = {2017},
  url       = {https://doi.org/10.1007/978-3-030-15640-4\_2},
  doi       = {10.1007/978-3-030-15640-4\_2},
  timestamp = {Fri, 27 Mar 2020 09:01:21 +0100},
  biburl    = {https://dblp.org/rec/conf/ic3k/MoroPDPR17.bib},
  bibsource = {dblp computer science bibliography, https://dblp.org}
}





